@misc{wiki:nemo,
	author = "Wikipedia",
	title = "Buscando a Nemo --- Wikipedia{,} La enciclopedia libre",
	year = "2016",
	url = "https://es.wikipedia.org/w/index.php?title=Buscando_a_Nemo&oldid=91651663"
}
@misc{ wiki:python,
	author = "Wikipedia",
	title = "Python --- Wikipedia{,} La enciclopedia libre",
	year = "2016",
	url = "https://es.wikipedia.org/w/index.php?title=Python&oldid=90527880"
}